<?xml version="1.0" encoding="UTF-8"?><record xmlns="http://www.loc.gov/MARC21/slim" xmlns:cinclude="http://apache.org/cocoon/include/1.0" xmlns:zs="http://www.loc.gov/zing/srw/">
  <leader>00393nz  a2200145n  4500</leader>
  <controlfield tag="001">no 99002339 </controlfield>
  <controlfield tag="003">DLC</controlfield>
  <controlfield tag="005">19990113053006.6</controlfield>
  <controlfield tag="008">990112n| acannaab|          |a aaa     c</controlfield>
  <datafield tag="010" ind1=" " ind2=" ">
    <subfield code="a">no 99002339 </subfield>
  </datafield>
  <datafield tag="035" ind1=" " ind2=" ">
    <subfield code="a">(OCoLC)oca04895605 </subfield>
  </datafield>
  <datafield tag="040" ind1=" " ind2=" ">
    <subfield code="a">ICU</subfield>
    <subfield code="c">ICU</subfield>
  </datafield>
  <datafield tag="100" ind1="1" ind2="0">
    <subfield code="a">Le Meur, Rose-Blanche</subfield>
  </datafield>
  <datafield tag="400" ind1="1" ind2="0">
    <subfield code="a">Meur, Rose-Blanche le</subfield>
  </datafield>
  <datafield tag="670" ind1=" " ind2=" ">
    <subfield code="a">Me휍혖moires de captivite휍혖, 1995:</subfield>
    <subfield code="b">p. 3 (Rose-Blanche Le Meur)</subfield>
  </datafield>
</record>